@article{sanchez-lengeling2021a,
  author = {Sanchez-Lengeling, Benjamin and Reif, Emily and Pearce, Adam and Wiltschko, Alexander B.},
  title = {A Gentle Introduction to Graph Neural Networks},
  journal = {Distill},
  year = {2021},
  note = {https://distill.pub/2021/gnn-intro},
  doi = {10.23915/distill.00033}
}

@article{daigavane2021understanding,
  author = {Daigavane, Ameya and Ravindran, Balaraman and Aggarwal, Gaurav},
  title = {Understanding Convolutions on Graphs},
  journal = {Distill},
  year = {2021},
  note = {https://distill.pub/2021/understanding-gnns},
  doi = {10.23915/distill.00032}
}

@BOOK{deng-deep-learning,
  author={Deng, Li and Yu, Dong},
  booktitle={Deep Learning: Methods and Applications},
  year={2014},
  volume={},
  number={},
  pages={},
  doi={}}

@misc{kipf2017semisupervised,
      title={Semi-Supervised Classification with Graph Convolutional Networks}, 
      author={Thomas N. Kipf and Max Welling},
      year={2017},
      eprint={1609.02907},
      archivePrefix={arXiv},
      primaryClass={cs.LG}
}

@misc{kipf2016variational,
      title={Variational Graph Auto-Encoders}, 
      author={Thomas N. Kipf and Max Welling},
      year={2016},
      eprint={1611.07308},
      archivePrefix={arXiv},
      primaryClass={stat.ML}
}